%% This BibTeX bibliography file was created using BibDesk.
%% http://bibdesk.sourceforge.net/

%% Created for Hans Mathias Mamen Vege at 2017-06-12 13:13:35 +0200 


%% Saved with string encoding Unicode (UTF-8) 



@article{QUA:QUA560200508,
	Author = {Moskowitz, Jules W. and Kalos, M. H.},
	Date-Added = {2017-06-12 11:12:39 +0000},
	Date-Modified = {2017-06-12 11:12:39 +0000},
	Doi = {10.1002/qua.560200508},
	Issn = {1097-461X},
	Journal = {International Journal of Quantum Chemistry},
	Number = {5},
	Pages = {1107--1119},
	Publisher = {John Wiley & Sons, Inc.},
	Title = {A new look at correlations in atomic and molecular systems. I. Application of fermion monte carlo variational method},
	Url = {http://dx.doi.org/10.1002/qua.560200508},
	Volume = {20},
	Year = {1981},
	Bdsk-Url-1 = {http://dx.doi.org/10.1002/qua.560200508}}

@article{PhysRevB.84.115302,
	Author = {Pedersen Lohne, M. and Hagen, G. and Hjorth-Jensen, M. and Kvaal, S. and Pederiva, F.},
	Date-Added = {2017-06-12 10:58:39 +0000},
	Date-Modified = {2017-06-12 10:58:39 +0000},
	Doi = {10.1103/PhysRevB.84.115302},
	Issue = {11},
	Journal = {Phys. Rev. B},
	Month = {Sep},
	Numpages = {15},
	Pages = {115302},
	Publisher = {American Physical Society},
	Title = {Ab initio},
	Url = {https://link.aps.org/doi/10.1103/PhysRevB.84.115302},
	Volume = {84},
	Year = {2011},
	Bdsk-Url-1 = {https://link.aps.org/doi/10.1103/PhysRevB.84.115302},
	Bdsk-Url-2 = {http://dx.doi.org/10.1103/PhysRevB.84.115302}}

@article{metropolis,
	Author = {{Metropolis}, N. and {Rosenbluth}, A.~W. and {Rosenbluth}, M.~N. and {Teller}, A.~H. and {Teller}, E.},
	Date-Added = {2017-06-12 10:27:59 +0000},
	Date-Modified = {2017-06-12 10:27:59 +0000},
	Journal = {The Journal of Chemical Physics},
	Month = {06},
	Number = {6},
	Pages = {1087-1092},
	Title = {Equation of State Calculations by Fast Computing Machines},
	Volume = {21},
	Year = {1953}}

@article{metropolis_hastings,
	Abstract = {A generalization of the sampling method introduced by Metropolis et al. (1953) is presented along with an exposition of the relevant theory, techniques of application and methods and difficulties of assessing the error in Monte Carlo estimates. Examples of the methods, including the generation of random orthogonal matrices and potential applications of the methods to numerical problems arising in statistics, are discussed.},
	Author = {W. K. Hastings},
	Date-Added = {2017-06-12 10:27:59 +0000},
	Date-Modified = {2017-06-12 10:27:59 +0000},
	Journal = {Biometrika},
	Number = {1},
	Pages = {97-109},
	Title = {Monte Carlo Sampling Methods Using Markov Chains and Their Applications},
	Volume = {57},
	Year = {1970}}

@misc{github,
	Author = {M. Vege},
	Date-Added = {2017-06-12 10:24:04 +0000},
	Date-Modified = {2017-06-12 10:24:50 +0000},
	Howpublished = {{\url{https://github.com/hmvege/FYS4411-Project-2}}},
	Month = {June},
	Title = {Project 2 GitHub repository},
	Year = {2017}}

@misc{githubProjekt1,
	Author = {M. Vege},
	Date-Added = {2017-03-22 16:18:50 +0000},
	Date-Modified = {2017-03-22 20:20:55 +0000},
	Howpublished = {{\url{https://github.com/hmvege/FYS4411-Project-1}}},
	Month = {March},
	Title = {Project 1 GitHub repository},
	Year = {2017}}

@booklet{komp2015,
	Author = {M. Hjort-Jensen},
	Date-Added = {2017-06-12 10:24:00 +0000},
	Date-Modified = {2017-06-12 10:24:00 +0000},
	Title = {Computional Physics: Lecture notes fall 2015},
	Year = {2015}}

@inproceedings{Amdahl:1967:VSP:1465482.1465560,
	Acmid = {1465560},
	Address = {New York, NY, USA},
	Author = {Amdahl, Gene M.},
	Booktitle = {Proceedings of the April 18-20, 1967, Spring Joint Computer Conference},
	Date-Added = {2017-06-12 10:21:03 +0000},
	Date-Modified = {2017-06-12 10:21:03 +0000},
	Doi = {10.1145/1465482.1465560},
	Location = {Atlantic City, New Jersey},
	Numpages = {3},
	Pages = {483--485},
	Publisher = {ACM},
	Series = {AFIPS '67 (Spring)},
	Title = {Validity of the Single Processor Approach to Achieving Large Scale Computing Capabilities},
	Url = {http://doi.acm.org/10.1145/1465482.1465560},
	Year = {1967},
	Bdsk-Url-1 = {http://doi.acm.org/10.1145/1465482.1465560},
	Bdsk-Url-2 = {http://dx.doi.org/10.1145/1465482.1465560}}

@article{flyvbjerg1989error,
	Author = {Flyvbjerg, Henrik and Petersen, Henrik Gordon},
	Journal = {The Journal of Chemical Physics},
	Number = {1},
	Pages = {461--466},
	Publisher = {AIP},
	Title = {Error estimates on averages of correlated data},
	Volume = {91},
	Year = {1989}}

@article{PhysRevA.48.3561,
  title = {Two electrons in an external oscillator potential: Particular analytic solutions of a Coulomb correlation problem},
  author = {Taut, M.},
  journal = {Phys. Rev. A},
  volume = {48},
  issue = {5},
  pages = {3561--3566},
  numpages = {0},
  year = {1993},
  month = {Nov},
  publisher = {American Physical Society},
  doi = {10.1103/PhysRevA.48.3561},
  url = {https://link.aps.org/doi/10.1103/PhysRevA.48.3561}
}

